<record><leader>00000cas a22000007a 4500</leader><controlfield tag="001">9434901</controlfield><controlfield tag="008">830421d18871990arudn ne      0   a0eng d</controlfield><datafield ind1=" " ind2=" " tag="010"><subfield code="a">sn 83007654 </subfield></datafield><datafield ind1=" " ind2=" " tag="040"><subfield code="a">NSD</subfield><subfield code="b">eng</subfield><subfield code="c">NSD</subfield><subfield code="d">NPT</subfield><subfield code="d">ANU</subfield><subfield code="d">NSD</subfield><subfield code="d">ANU</subfield><subfield code="d">OCLCQ</subfield><subfield code="d">OCLCF</subfield><subfield code="d">OCLCO</subfield></datafield><datafield ind1=" " ind2=" " tag="012"><subfield code="j">0</subfield><subfield code="m">d</subfield></datafield><datafield ind1="1" ind2=" " tag="022"><subfield code="a">0745-7715</subfield><subfield code="l">0745-7715</subfield><subfield code="2">1</subfield></datafield><datafield ind1=" " ind2=" " tag="037"><subfield code="b">The Springdale News, 514 E. Emma, Springdale, AR 72764</subfield></datafield><datafield ind1=" " ind2=" " tag="042"><subfield code="a">nsdp</subfield><subfield code="a">msc</subfield></datafield><datafield ind1=" " ind2=" " tag="043"><subfield code="a">n-us-ar</subfield></datafield><datafield ind1=" " ind2="4" tag="222"><subfield code="a">The Springdale news</subfield></datafield><datafield ind1="0" ind2="4" tag="245"><subfield code="a">The Springdale news.</subfield></datafield><datafield ind1="3" ind2="0" tag="246"><subfield code="a">Springdale twice-a-week news</subfield></datafield><datafield ind1="3" ind2="0" tag="246"><subfield code="a">Springdale semi-weekly news</subfield></datafield><datafield ind1="3" ind2="0" tag="246"><subfield code="a">Springdale Sunday news</subfield></datafield><datafield ind1=" " ind2=" " tag="260"><subfield code="a">Springdale, Ark. :</subfield><subfield code="b">John P. Stafford,</subfield><subfield code="c">-c1990.</subfield></datafield><datafield ind1=" " ind2=" " tag="300"><subfield code="a">v. :</subfield><subfield code="b">ill. ;</subfield><subfield code="c">55 cm.</subfield></datafield><datafield ind1=" " ind2=" " tag="310"><subfield code="a">Daily (except Saturday),</subfield><subfield code="b">Feb. 27, 1972-Apr. 30, 1990</subfield></datafield><datafield ind1=" " ind2=" " tag="321"><subfield code="a">Frequency varies,</subfield><subfield code="b">May 14, 1887-Feb. 25, 1972</subfield></datafield><datafield ind1="1" ind2=" " tag="362"><subfield code="a">Began with May 7, 1887 issue.</subfield></datafield><datafield ind1="0" ind2=" " tag="362"><subfield code="a">-v. 104, no. 4 (Apr. 30, 1990).</subfield></datafield><datafield ind1=" " ind2=" " tag="500"><subfield code="a">Published as: Springdale twice-a-week news, Jan. 27-June 18, 1909; Springdale semi-weekly news, Feb. 26-Nov. 22, 1929.</subfield></datafield><datafield ind1=" " ind2=" " tag="500"><subfield code="a">On Sunday published as: Springdale Sunday news, Feb. 27, 1972-Jan. 29, 1978.</subfield></datafield><datafield ind1=" " ind2=" " tag="588"><subfield code="a">Description based on: Vol. 1, no. 3 (May 21, 1887).</subfield></datafield><datafield ind1=" " ind2=" " tag="588"><subfield code="a">Latest issue consulted: Vol. 104, no. 4 (Apr. 30 1990).</subfield></datafield><datafield ind1=" " ind2="0" tag="651"><subfield code="a">Springdale (Ark.)</subfield><subfield code="v">Newspapers.</subfield></datafield><datafield ind1=" " ind2="7" tag="655"><subfield code="a">Newspapers.</subfield><subfield code="2">fast</subfield><subfield code="0">(OCoLC)fst01423814</subfield></datafield><datafield ind1=" " ind2="7" tag="651"><subfield code="a">Arkansas</subfield><subfield code="z">Springdale.</subfield><subfield code="2">fast</subfield><subfield code="0">(OCoLC)fst01221774</subfield></datafield><datafield ind1=" " ind2=" " tag="752"><subfield code="a">United States</subfield><subfield code="b">Arkansas</subfield><subfield code="c">Washington</subfield><subfield code="d">Springdale.</subfield></datafield><datafield ind1="0" ind2=" " tag="770"><subfield code="t">Golden anniversary edition</subfield><subfield code="g">Apr. 29, 1937</subfield><subfield code="w">(OCoLC)7567575</subfield></datafield><datafield ind1="0" ind2=" " tag="770"><subfield code="t">100th anniversary edition</subfield><subfield code="g">May 10, 1987</subfield><subfield code="w">(OCoLC)18248642</subfield></datafield><datafield ind1="0" ind2=" " tag="775"><subfield code="t">Springdale evening news</subfield><subfield code="w">(DLC)sn 88050109</subfield></datafield><datafield ind1="0" ind2=" " tag="775"><subfield code="t">Springdale daily news</subfield><subfield code="w">(DLC)sn 88051020</subfield></datafield><datafield ind1="0" ind2="0" tag="785"><subfield code="t">Morning news (Springdale, Ark.)</subfield><subfield code="x">1053-9689</subfield><subfield code="w">(DLC)sn 90050305</subfield></datafield></record>